@article{r1,
	title={The Algorithm Design Manual},
	author={Skiena, Steven S},
	pages={481--483},
	year={2008},
	publisher={Springer},
	note = {\url{https://mimoza.marmara.edu.tr/~msakalli/cse706_12/SkienaTheAlgorithmDesignManual.pdf}}
}

@article{r2,
	title={Topological sorting of large networks},
	author={Kahn, Arthur B},
	journal={Communications of the ACM},
	volume={5},
	number={11},
	pages={558--562},
	year={1962},
	publisher={ACM New York, NY, USA},
	note = {\url{https://doi.org/10.1145/368996.369025}}
}
@article{r3,
	title={Topological Sorting},
	author={GeeksforGeeks},
	year={2023},
	publisher={GeeksforGeeks},
	note = {\url{https://www.geeksforgeeks.org/topological-sorting//}}
}

@article{r4,
	title={Topological Sorting Time and Space Complexity},
	author={Virtual Labs},
	year={2023},
	note = {\url{https://ds2-iiith.vlabs.ac.in/exp/topo-sort/analysis/time-and-space-complexity.html/}}
}

@article{r5,
	title={Graphlib},
	note = {\url{https://docs.python.org/3/library/graphlib.html/}}
}


